<record><leader>00000cas a22000007a 4500</leader><controlfield tag="001">25181334</controlfield><controlfield tag="008">920129d1981199unyuwr ne      0    0eng d</controlfield><datafield ind1=" " ind2=" " tag="010"><subfield code="a">sn 92061455 </subfield></datafield><datafield ind1=" " ind2=" " tag="040"><subfield code="a">NYS</subfield><subfield code="b">eng</subfield><subfield code="c">NYS</subfield><subfield code="d">NSD</subfield><subfield code="d">NYS</subfield><subfield code="d">OCLCQ</subfield></datafield><datafield ind1=" " ind2=" " tag="042"><subfield code="a">msc</subfield></datafield><datafield ind1="0" ind2="0" tag="245"><subfield code="a">LaGrange ledger.</subfield></datafield><datafield ind1="3" ind2="0" tag="246"><subfield code="a">La Grange ledger</subfield></datafield><datafield ind1=" " ind2=" " tag="260"><subfield code="a">LaGrangeville, N.Y. :</subfield><subfield code="b">Taconic Press,</subfield><subfield code="c">1981-</subfield></datafield><datafield ind1=" " ind2=" " tag="300"><subfield code="a">v.</subfield></datafield><datafield ind1=" " ind2=" " tag="310"><subfield code="a">Weekly</subfield></datafield><datafield ind1="0" ind2=" " tag="362"><subfield code="a">Vol. 1, no. 1 (Jan. 29, 1981)-</subfield></datafield><datafield ind1="1" ind2=" " tag="362"><subfield code="a">Ceased in 1992?</subfield></datafield><datafield ind1=" " ind2=" " tag="500"><subfield code="a">Publishers: Helen and Hamilton Meserve, &lt;June 30, 1983&gt;-</subfield></datafield><datafield ind1=" " ind2=" " tag="500"><subfield code="a">Published in Millbrook, N.Y., &lt;June 30, 1983&gt;-</subfield></datafield><datafield ind1=" " ind2=" " tag="580"><subfield code="a">Merged with: Voice (Millbrook, N.Y.); to form: Voice ledger.</subfield></datafield><datafield ind1=" " ind2="4" tag="651"><subfield code="a">Lagrangeville (N.Y.)</subfield><subfield code="v">Newspapers.</subfield></datafield><datafield ind1=" " ind2="4" tag="651"><subfield code="a">La Grange (N.Y. : Town)</subfield><subfield code="v">Newspapers.</subfield></datafield><datafield ind1=" " ind2="4" tag="651"><subfield code="a">Millbrook (N.Y.)</subfield><subfield code="v">Newspapers.</subfield></datafield><datafield ind1=" " ind2=" " tag="752"><subfield code="a">United States</subfield><subfield code="b">New York</subfield><subfield code="c">Dutchess</subfield><subfield code="d">Millbrook.</subfield></datafield><datafield ind1=" " ind2=" " tag="752"><subfield code="a">United States</subfield><subfield code="b">New York</subfield><subfield code="c">Dutchess</subfield><subfield code="d">Lagrangeville.</subfield></datafield><datafield ind1="1" ind2="7" tag="785"><subfield code="t">Voice (Millbrook, N.Y.)</subfield><subfield code="w">(DLC)sn 88074837</subfield><subfield code="w">(OCoLC)18680083</subfield></datafield><datafield ind1="1" ind2="7" tag="785"><subfield code="t">Voice ledger</subfield><subfield code="x">1066-7091</subfield><subfield code="w">(DLC)sn 92006265</subfield><subfield code="w">(OCoLC)27032919</subfield></datafield><datafield ind1="1" ind2=" " tag="029"><subfield code="a">AU@</subfield><subfield code="b">000025906262</subfield></datafield></record>